@String{pub-ISO     = "International Organization for Standardization"}
@String{pub-ISO:adr = "Ginebra, Suiza"}

@book{pfullana,
    author    = "Fullana, P. and Puig, R.",
    title     = "Análisis de Ciclo de Vida",
    publisher = "Editorial Rubens",
    year      = "1997",
}

@manual{mgoedkoop,
    author        = "Goedkoop, M. and others",
    title         = "SimaPro 7 Tutorial",
    organization  = "Pré Consultants",
    year          = "2010",
}

@techreport{njungbluth,
    author    = "Jungbluth, N. and others",
    title     = "Environmetal Impacts of Swiss Consumption and Production",
    institution = "Swiss Federal Office for the Environment",
    year      = "2011",
}

@mastersthesis{jsjunneson,
    author    = "Sjunnesson, J.",
    title     = "Life Cycle Assessment of Concrete",
    school    = "Environmental and Energy Systems Studies - Lund University",
    type      = "Master Thesis",
    year      = "2005",
}

@book{iso14040,
  author =       "{ISO}",
  title =        "{UNE-EN-ISO 14040:2006, Gestión Ambiental. Análisis de
                  ciclo de vida. Principios y marco de referencia}",
  publisher =    pub-ISO,
  address =      pub-ISO:adr,
  year =         "2006",
}

@book{iso14440,
  author =       "{ISO}",
  title =        "{UNE-EN-ISO 14440:2006, Gestión Ambiental. Análisis de
                  ciclo de vida. Requisitos y directrices}",
  publisher =    pub-ISO,
  address =      pub-ISO:adr,
  year =         "2006",
}

@book{iso150041ex,
  author =       "{ISO}",
  title =        "{UNE-EN-ISO 150041EX:1998, Análisis de
                  ciclo de vida simplificado}",
  publisher =    pub-ISO,
  address =      pub-ISO:adr,
  year =         "1998",
}

@phdthesis {mlgceballos,
    author    = "María Luz García Ceballos",
    title     = "{Análisis de Ciclo de Vida de Puntos de Luz de
                Alumbrado Exterior}",
    year      = "2013",
    school    = "{Escuela Técnica Superior de Ingenieros
                Industriales - Universidad de Málaga}",
    pages = "56--57",
}

@misc{website:fermentas-lambda,
      author = "Fermentas Inc.",
      title = "Phage Lambda: description \& restriction map",
      month = "November",
      year = "2008",
      url = "http://www.fermentas.com/techinfo/nucleicacids/maplambda.htm"
}
